<record><leader>00000cas a22000007a 4500</leader><controlfield tag="001">18365801</controlfield><controlfield tag="008">880817d19531955nyuwr ne      0    0eng d</controlfield><datafield ind1=" " ind2=" " tag="010"><subfield code="a">sn 88074749 </subfield></datafield><datafield ind1=" " ind2=" " tag="040"><subfield code="a">NYS</subfield><subfield code="b">eng</subfield><subfield code="c">NYS</subfield><subfield code="d">OCLCQ</subfield></datafield><datafield ind1=" " ind2=" " tag="042"><subfield code="a">msc</subfield></datafield><datafield ind1="0" ind2=" " tag="130"><subfield code="a">Phelps citizen (Phelps, N.Y. : 1953)</subfield></datafield><datafield ind1="1" ind2="0" tag="245"><subfield code="a">Phelps citizen.</subfield></datafield><datafield ind1=" " ind2=" " tag="260"><subfield code="a">Phelps, N.Y. :</subfield><subfield code="b">Rowland L. Hughey,</subfield><subfield code="c">1953-1955.</subfield></datafield><datafield ind1=" " ind2=" " tag="300"><subfield code="a">v.</subfield></datafield><datafield ind1=" " ind2=" " tag="310"><subfield code="a">Weekly</subfield></datafield><datafield ind1="0" ind2=" " tag="362"><subfield code="a">Vol. 1, no. 1 (Mar. 6, 1953)-v. 3, no. 27 (Oct. 28, 1955).</subfield></datafield><datafield ind1=" " ind2=" " tag="515"><subfield code="a">Announcement issue: Feb. 1953.</subfield></datafield><datafield ind1=" " ind2="4" tag="651"><subfield code="a">Phelps (N.Y.)</subfield><subfield code="v">Newspapers.</subfield></datafield><datafield ind1=" " ind2=" " tag="752"><subfield code="a">United States</subfield><subfield code="b">New York</subfield><subfield code="c">Ontario</subfield><subfield code="d">Phelps.</subfield></datafield><datafield ind1="1" ind2=" " tag="029"><subfield code="a">AU@</subfield><subfield code="b">000020517870</subfield></datafield></record>